<?xml version="1.0" encoding="utf-8"?>
<record xmlns="http://www.loc.gov/MARC21/slim" xmlns:xsi="http://www.w3.org/2001/XMLSchema-instance" xsi:schemaLocation="http://www.loc.gov/MARC21/slim http://www.loc.gov/standards/marcxml/schema/MARC21slim.xsd">
	<leader>     nam a22     Mi 4500</leader>
	<controlfield tag="001">b12484830</controlfield>
	<controlfield tag="003">LeBAU</controlfield>
	<controlfield tag="006">m        d        </controlfield>
	<controlfield tag="007">cr cn |||m|||a</controlfield>
	<controlfield tag="008">180301s1927    le      o     ||0 0 ara d</controlfield>
	<datafield ind1=" " ind2=" " tag="040">
		<subfield code="a">ZYU</subfield>
		<subfield code="b">ara</subfield>
		<subfield code="e">rda</subfield>
		<subfield code="c">ZYU</subfield>
	</datafield>
	<datafield ind1=" " ind2="4" tag="050">
		<subfield code="a">QA135</subfield>
		<subfield code="b">.J87 1927</subfield>
	</datafield>
	<datafield ind1="0" ind2="4" tag="082">
		<subfield code="a">511</subfield>
		<subfield code="2">22</subfield>
	</datafield>
	<datafield ind1="1" ind2=" " tag="100">
		<subfield code="6">880-01</subfield>
		<subfield code="a">Jurdāq, Manṣūr Ḥannā,</subfield>
		<subfield code="e">author.</subfield>
	</datafield>
	<datafield ind1="1" ind2="3" tag="245">
		<subfield code="6">880-02</subfield>
		<subfield code="a">al-Ḥisāb al-ḥadīth /</subfield>
		<subfield code="c">ta’līf Manṣūr Ḥannā Jurdāq M. ‘A, ustādh al-riyāḍīyāt al-‘ālīyah fī al-Jāmi‘ah al-Amīrikīyah fī Bayrūt wa-‘uḍw fī al-Jam‘īyah al-Riyāḍīyah al-Inklīzīyah wa-al-Jam‘īyah al-Riyāḍīyah al-Amīrikīyah wa-ghayrihā min al-jam‘īyāt al-‘ilmīyah fī Ūrubbā wa-Amīrkā.</subfield>
	</datafield>
	<datafield ind1=" " ind2=" " tag="250">
		<subfield code="6">880-03</subfield>
		<subfield code="a">Ṭab‘ah rābi‘ah.</subfield>
	</datafield>
	<datafield ind1=" " ind2="1" tag="264">
		<subfield code="6">880-04</subfield>
		<subfield code="a">Bayrūt :</subfield>
		<subfield code="b">al-Maṭba‘ah al-Amīrikānīyah,</subfield>
		<subfield code="c">1927.</subfield>
	</datafield>
	<datafield ind1=" " ind2=" " tag="300">
		<subfield code="6">880-05</subfield>
		<subfield code="a">online resource (3 volumes)</subfield>
	</datafield>
	<datafield ind1=" " ind2=" " tag="336">
		<subfield code="a">text</subfield>
		<subfield code="2">rdacontent</subfield>
	</datafield>
	<datafield ind1=" " ind2=" " tag="337">
		<subfield code="a">computer</subfield>
		<subfield code="2">rdamedia</subfield>
	</datafield>
	<datafield ind1=" " ind2=" " tag="338">
		<subfield code="a">online resource</subfield>
		<subfield code="2">rdacarrier</subfield>
	</datafield>
	<datafield ind1=" " ind2=" " tag="500">
		<subfield code="a">Part of the Arabic Collections Online (ACO) project, contributed by American University of Beirut's Jafet Memorial Library.</subfield>
	</datafield>
	<datafield ind1=" " ind2=" " tag="533">
		<subfield code="a">Electronic reproduction.</subfield>
		<subfield code="b">New York, N.Y. :</subfield>
		<subfield code="c">New York University,</subfield>
		<subfield code="d">2018.</subfield>
		<subfield code="5">NNU</subfield>
	</datafield>
	<datafield ind1=" " ind2="0" tag="650">
		<subfield code="6">880-06</subfield>
		<subfield code="a">Arithmetic</subfield>
		<subfield code="x">Study and teaching.</subfield>
	</datafield>
	<datafield ind1="2" ind2=" " tag="710">
		<subfield code="a">Jafet Memorial Library.</subfield>
	</datafield>
	<datafield ind1="0" ind2=" " tag="730">
		<subfield code="a">Arabic Collections Online.</subfield>
	</datafield>
	<datafield ind1="0" ind2=" " tag="775">
		<subfield code="6">880-07</subfield>
		<subfield code="t">al-Ḥisāb al-ḥadīth.</subfield>
		<subfield code="b">Ṭab‘ah thālithah munaqqaḥah</subfield>
		<subfield code="d">Bayrūt : al-Maṭba‘ah al-Amīrikānīyah, 1929</subfield>
		<subfield code="w">b19208200</subfield>
	</datafield>
	<datafield ind1="0" ind2=" " tag="775">
		<subfield code="6">880-08</subfield>
		<subfield code="t">al-Ḥisāb al-ḥadīth.</subfield>
		<subfield code="b">Ṭab‘ah khāmisah</subfield>
		<subfield code="d">Bayrūt : al-Maṭba‘ah al-Amīrikānīyah, 1929</subfield>
		<subfield code="w">b19208212</subfield>
	</datafield>
	<datafield ind1="0" ind2=" " tag="775">
		<subfield code="6">880-09</subfield>
		<subfield code="t">al-Ḥisāb al-ḥadīth.</subfield>
		<subfield code="b">Ṭab‘ah tāsi‘ah munaqqaḥah</subfield>
		<subfield code="d">Bayrūt : al-Maṭba‘ah al-Amīrikānīyah, 1947</subfield>
		<subfield code="w">b19208224</subfield>
	</datafield>
	<datafield ind1="0" ind2="8" tag="776">
		<subfield code="i">Print version:</subfield>
		<subfield code="a">Jurdāq, Manṣūr Ḥannā, author.</subfield>
		<subfield code="t">al-Ḥisāb al-ḥadīth</subfield>
		<subfield code="w">(LeBAU)b12484830</subfield>
	</datafield>
	<datafield ind1="4" ind2="0" tag="856">
		<subfield code="u">http://hdl.handle.net/2333.1/41ns1z1j</subfield>
	</datafield>
	<datafield ind1="1" ind2=" " tag="880">
		<subfield code="6">100-01</subfield>
		<subfield code="a">جرداق، منصور حنا،</subfield>
		<subfield code="e">مؤلف.</subfield>
		<subfield code="4">aut.</subfield>
	</datafield>
	<datafield ind1="1" ind2="2" tag="880">
		<subfield code="6">245-02</subfield>
		<subfield code="a">الحساب الحديث /</subfield>
		<subfield code="c">تأليف منصور حنا جرداق م. ع، أستاذ الرياضيات العالية في الجامعة الأميركية في بيروت وعضو في الجمعية الرياضية الإنكليزية والجمعية الرياضيية الأميركية وغيرها من الجمعيات العلمية في أوربا وأميركا.</subfield>
	</datafield>
	<datafield ind1=" " ind2=" " tag="880">
		<subfield code="6">250-03</subfield>
		<subfield code="a">طبعة رابعة.</subfield>
	</datafield>
	<datafield ind1=" " ind2="1" tag="880">
		<subfield code="6">264-04</subfield>
		<subfield code="a">بيروت :</subfield>
		<subfield code="b">المطبعة الأميركانية،</subfield>
		<subfield code="c">1927.</subfield>
	</datafield>
	<datafield ind1=" " ind2=" " tag="880">
		<subfield code="6">300-05</subfield>
		<subfield code="a">3 أجزاء ؛</subfield>
		<subfield code="c">19 سم</subfield>
	</datafield>
	<datafield ind1=" " ind2=" " tag="880">
		<subfield code="6">590-00</subfield>
		<subfield code="a">في المكتبة: الجزء 1.</subfield>
	</datafield>
	<datafield ind1=" " ind2="4" tag="880">
		<subfield code="6">650-06</subfield>
		<subfield code="a">الحساب</subfield>
		<subfield code="x">الدرس والتدريس.</subfield>
	</datafield>
	<datafield ind1="0" ind2=" " tag="880">
		<subfield code="6">775-07</subfield>
		<subfield code="t">الحساب الحديث.</subfield>
		<subfield code="b">طبعة ثالثة منقحة</subfield>
		<subfield code="d">بيروت : المطبعة الأميركانية، 1929</subfield>
		<subfield code="w">b19208200</subfield>
	</datafield>
	<datafield ind1="0" ind2=" " tag="880">
		<subfield code="6">775-08</subfield>
		<subfield code="t">الحساب الحديث.</subfield>
		<subfield code="b">طبعة خامسة</subfield>
		<subfield code="d">بيروت : المطبعة الأميركانية، 1929</subfield>
		<subfield code="w">b19208212</subfield>
	</datafield>
	<datafield ind1="0" ind2=" " tag="880">
		<subfield code="6">775-09</subfield>
		<subfield code="t">الحساب الحديث.</subfield>
		<subfield code="b">طبعة تاسعة منقحة</subfield>
		<subfield code="d">بيروت : المطبعة الأميركانية، 1947</subfield>
		<subfield code="w">b19208224</subfield>
	</datafield>
	<datafield ind1=" " ind2=" " tag="959">
		<subfield code="a">NNU</subfield>
		<subfield code="b">WEB</subfield>
		<subfield code="c">GENI</subfield>
		<subfield code="t">0</subfield>
		<subfield code="m">Electronic access</subfield>
		<subfield code="s">01</subfield>
	</datafield>
	<datafield ind1=" " ind2=" " tag="999">
		<subfield code="i">LeBAU_b12484830</subfield>
		<subfield code="s">aub_aco001527:v.1</subfield>
		<subfield code="e">(ERROR-MISC)</subfield>
		<subfield code="s">aub_aco001527:v.1</subfield>
	</datafield>
</record>
